<?xml version="1.0" encoding="UTF-8"?><record xmlns="http://www.loc.gov/MARC21/slim" xmlns:cinclude="http://apache.org/cocoon/include/1.0" xmlns:zs="http://www.loc.gov/zing/srw/">
  <leader>01003cz  a2200205n  4500</leader>
  <controlfield tag="001">n 2010209795</controlfield>
  <controlfield tag="003">DLC</controlfield>
  <controlfield tag="005">20150615000553.0</controlfield>
  <controlfield tag="008">110412n| azannaabn          |a ana      </controlfield>
  <datafield tag="010" ind1=" " ind2=" ">
    <subfield code="a">n 2010209795</subfield>
  </datafield>
  <datafield tag="040" ind1=" " ind2=" ">
    <subfield code="a">DLC</subfield>
    <subfield code="b">eng</subfield>
    <subfield code="e">rda</subfield>
    <subfield code="c">DLC</subfield>
    <subfield code="d">DLC</subfield>
  </datafield>
  <datafield tag="110" ind1="2" ind2=" ">
    <subfield code="a">Scheduled Castes Sub Plan (India)</subfield>
  </datafield>
  <datafield tag="368" ind1=" " ind2=" ">
    <subfield code="a">Government programs</subfield>
  </datafield>
  <datafield tag="370" ind1=" " ind2=" ">
    <subfield code="e">New Delhi (India)</subfield>
    <subfield code="2">naf</subfield>
  </datafield>
  <datafield tag="377" ind1=" " ind2=" ">
    <subfield code="a">eng</subfield>
  </datafield>
  <datafield tag="410" ind1="2" ind2=" ">
    <subfield code="a">SCSP</subfield>
  </datafield>
  <datafield tag="410" ind1="1" ind2=" ">
    <subfield code="a">India.</subfield>
    <subfield code="b">Planning Commission.</subfield>
    <subfield code="b">Scheduled Castes Sub Plan</subfield>
  </datafield>
  <datafield tag="410" ind1="2" ind2=" ">
    <subfield code="a">Scheduled Caste Sub Plan (India)</subfield>
  </datafield>
  <datafield tag="670" ind1=" " ind2=" ">
    <subfield code="a">Scheduled Castes Sub Plan, 2010-11, 2010:</subfield>
    <subfield code="b">t.p. (Scheduled Castes Sub Plan) p. 11 (SCSP was envisaged by the Planning Commission, Govt. of India at the time of formulation of sixth five year plan (1980-85) with the objective to ensure adequate benefits under SCSP for the denefits under SCSP for the development of scheduled castes both in physical and financial terms)</subfield>
  </datafield>
  <datafield tag="670" ind1=" " ind2=" ">
    <subfield code="a">Scheduled Caste Sub Plan (SCSP) &amp; Tribal Sub Plan (TSP), 2012:</subfield>
    <subfield code="b">t.p. (Scheduled Caste Sub Plan)</subfield>
  </datafield>
</record>